<record><leader>00000cas a2200000 a 4500</leader><controlfield tag="001">12276995</controlfield><controlfield tag="008">850718d18801901ksudr ne      0    0eng d</controlfield><datafield ind1=" " ind2=" " tag="010"><subfield code="a">sn 85031511 </subfield></datafield><datafield ind1=" " ind2=" " tag="040"><subfield code="a">KSH</subfield><subfield code="b">eng</subfield><subfield code="c">KSH</subfield><subfield code="d">NPT</subfield><subfield code="d">OCL</subfield><subfield code="d">OCLCQ</subfield><subfield code="d">CRL</subfield><subfield code="d">OCLCQ</subfield></datafield><datafield ind1=" " ind2=" " tag="042"><subfield code="a">msc</subfield></datafield><datafield ind1="0" ind2=" " tag="130"><subfield code="a">Parsons daily sun (Parsons, Kan. : 1880)</subfield></datafield><datafield ind1="1" ind2="4" tag="245"><subfield code="a">The Parsons daily sun.</subfield></datafield><datafield ind1=" " ind2=" " tag="260"><subfield code="a">Parsons, Kan. :</subfield><subfield code="b">H.H. Lusk,</subfield><subfield code="c">-1901.</subfield></datafield><datafield ind1=" " ind2=" " tag="300"><subfield code="a">v. :</subfield><subfield code="b">ill. ;</subfield><subfield code="c">38-58 cm.</subfield></datafield><datafield ind1=" " ind2=" " tag="310"><subfield code="a">Daily (except Monday)</subfield></datafield><datafield ind1="0" ind2=" " tag="362"><subfield code="a">-v. 23, no. 159 (Aug. 31, 1901).</subfield></datafield><datafield ind1="1" ind2=" " tag="362"><subfield code="a">Began in 1880.</subfield><subfield code="z">Cf. Ayer, 1883.</subfield></datafield><datafield ind1=" " ind2=" " tag="580"><subfield code="a">Also issued in a weekly edition called: Parsons sun (Parsons, Kan. : 1879) &lt;Apr. 8, 1881&gt;-May 3, 1894; Parsons weekly sun (Parsons, Kan. : 1894).</subfield></datafield><datafield ind1=" " ind2=" " tag="588"><subfield code="a">Description based on: Vol. 2, no. 25 (Apr. 8, 1881).</subfield></datafield><datafield ind1=" " ind2=" " tag="752"><subfield code="a">United States</subfield><subfield code="b">Kansas</subfield><subfield code="c">Labette</subfield><subfield code="d">Parsons.</subfield></datafield><datafield ind1="1" ind2=" " tag="775"><subfield code="t">Parsons sun (Parsons, Kan. : 1879)</subfield><subfield code="w">(DLC)sn 85031546</subfield><subfield code="w">(OCoLC)12277058</subfield></datafield><datafield ind1="1" ind2=" " tag="775"><subfield code="t">Parsons weekly sun (Parsons, Kan. : 1894)</subfield><subfield code="w">(DLC)sn 85031547</subfield><subfield code="w">(OCoLC)12234180</subfield></datafield><datafield ind1="0" ind2="0" tag="785"><subfield code="t">Sun (Parsons, Kan. : 1901)</subfield><subfield code="w">(DLC)sn 85031512</subfield><subfield code="w">(OCoLC)12277016</subfield></datafield><datafield ind1="1" ind2=" " tag="029"><subfield code="a">AU@</subfield><subfield code="b">000020383410</subfield></datafield></record>